@article{Zhang:2020:ISR:3373121.3373134,
  title={Image Super-Resolution using Enhanced Super-Resolution Generative Adversarial Networks},
  author={Zhang, Y. and Liu, X. and Wang, Z.},
  journal={arXiv preprint arXiv:2004.05983},
  year={2020},
  url={https://arxiv.org/abs/2004.05983}
}

@misc{Ultralytics:2024:PoseDatasets,
  title={Pose Datasets Overview},
  author={Ultralytics},
  year={2024},
  url={https://docs.ultralytics.com/datasets/pose/}
}

@misc{Ultralytics:2024:PoseEstimation,
  title={Pose Estimation},
  author={Ultralytics},
  year={2024},
  url={https://docs.ultralytics.com/tasks/pose/}
}

@misc{TensorFlowHub:2024:ESRGAN,
  title={Image Super Resolution using ESRGAN TensorFlow Hub},
  author={TensorFlow Hub},
  year={2024},
  url={https://www.tensorflow.org/hub/tutorials/image_enhancing}
}

@misc{ESRGAN:2024:NetworkArchitecture,
  title={Network Architecture},
  author={ESRGAN},
  year={2024},
  url={https://esrgan.readthedocs.io/en/latest/pages/esrgan.html#network-architecture}
}

@misc{TensorFlowHub:2023:ESRGAN,
  title={ESRGAN},
  author={TensorFlow Hub},
  year={2023},
  url={https://tfhub.dev/tensorflow/esrgan\_x4/1}
}